@software{the_turing_way_community_2023_7625728,
  author       = {The Turing Way Community},
  title        = {{The Turing Way: A handbook for reproducible,
                   ethical and collaborative research}},
  month        = feb,
  year         = 2023,
  publisher    = {Zenodo},
  version      = {1.0.2},
  doi          = {10.5281/zenodo.7625728},
  url          = {https://doi.org/10.5281/zenodo.7625728}
}

@article{wilkinson2016fair,
  title={The {FAIR} Guiding Principles for scientific data management and stewardship},
  author={Wilkinson, Mark D and Dumontier, Michel and Aalbersberg, IJsbrand Jan and Appleton, Gabrielle and Axton, Myles and Baak, Arie and Blomberg, Niklas and Boiten, Jan-Willem and da Silva Santos, Luiz Bonino and Bourne, Philip E and others},
  journal={Scientific data},
  volume={3},
  number={1},
  pages={1--9},
  year={2016},
  publisher={Nature Publishing Group},
  doi={10.1038/sdata.2016.18}
}

@article{ginsparg2021lessons,
  title={Lessons from {arXiv}â€™s 30 years of information sharing},
  author={Ginsparg, Paul},
  journal={Nature Reviews Physics},
  volume={3},
  number={9},
  pages={602--603},
  year={2021},
  publisher={Nature Publishing Group UK London},
  doi={10.1038/s42254-021-00360-z}
}


@techreport{romeu2014scoap3,
  title={The SCOAP3 initiative and the Open Access Article-Processing-Charge market: global partnership and competition improve value in the dissemination of science},
  author={Romeu, Cl{\'e}ment and Kohls, Alexander and Gentil-Beccot, Anne and Mele, Salvatore and Vesper, Martin and Mansuy, Anne},
  year={2014},
  doi={10.2314/CERN/C26P.W9DT}
}

@misc{rfc2119,
    series =    {Request for Comments},
    number =    2119,
    howpublished =  {RFC 2119},
    publisher = {RFC Editor},
    doi =       {10.17487/RFC2119},
    url =       {https://www.rfc-editor.org/info/rfc2119},
    author =    {Scott O. Bradner},
    title =     {{Key words for use in RFCs to Indicate Requirement Levels}},
    pagetotal = 3,
    year =      1997,
    month =     mar,
    abstract =  {In many standards track documents several words are used to signify the requirements in the specification. These words are often capitalized. This document defines these words as they should be interpreted in IETF documents. This document specifies an Internet Best Current Practices for the Internet Community, and requests discussion and suggestions for improvements.},
}


@misc{markdown-guide,
    url = {https://www.markdownguide.org},
    author = {Matt Cone},
    title = {Markdown Guide},
    dateaccessed = {2024-10-27},
    howpublished = {\url{https://www.markdownguide.org}}
}

@misc{github-markdown,
    url = {https://docs.github.com/en/get-started/writing-on-github/working-with-advanced-formatting/writing-mathematical-expressions},
    author = {{GitHub}},
    title = {Writing mathematical expressions},
    dateaccessed = {2024-10-27},
    howpublished = {\url{https://docs.github.com/en/get-started/writing-on-github/working-with-advanced-formatting/writing-mathematical-expressions}}
}

@misc{cc-by,
    url = {https://creativecommons.org/licenses/by/4.0/},
    author = {{Creative Commons}},
    title = {Attribution 4.0 International Deed},
    dateaccessed = {2024-10-28},
    howpublished = {\url{https://creativecommons.org/licenses/by/4.0/}}
}

@misc{mit,
    url = {https://opensource.org/license/MIT},
    author = {{Massachussets Institute of Technology}},
    title = {{The MIT License}},
    dateaccessed = {2024-10-28},
    howpublished = {\url{https://opensource.org/license/MIT}}
}

@misc{gpl,
    url = {https://www.gnu.org/licenses/gpl-3.0.html},
    author = {{Free Software Foundation}},
    title = {{GNU General Public License}},
    dateaccessed = {2024-10-28},
    howpublished = {\url{https://www.gnu.org/licenses/gpl-3.0.html}}
}

@software{hdf5,
author = {{The HDF Group}},
title = {{Hierarchical Data Format, version 5}},
url = {https://github.com/HDFGroup/hdf5}
}

@misc{zenodo,
    author={InvenioRDM},
    title = {Zenodo},
    howpublished = {\url{https://www.zenodo.org}}
}

@misc{ildg-organization,
    title = {Organization of {ILDG} activities},
    author = {International Lattice Data Grid},
    howpublished = {\url{https://hpc.desy.de/ildg/organization/}},
    note = {Accessed 2024-08-06}
}

@misc{chacon2014pro,
  title={Pro {Git}},
  author={Chacon, Scott and Straub, Ben},
  year={2014},
  publisher={Springer Nature},
  url = {\url{https://git-scm.com/book}}
}

@misc{swc-git,
  author       = {Madicken Munk and
                  Katherine Koziar and
                  Katrin Leinweber and
                  Raniere Silva and
                  others},
  title        = {{swcarpentry/git-novice: Software Carpentry:
                   Version Control with Git, June 2019}},
  month        = jul,
  year         = 2019,
  publisher    = {Zenodo},
  version      = {v2019.06.1},
  doi          = {10.5281/zenodo.3264950},
  url          = {https://doi.org/10.5281/zenodo.3264950},
  howpublished = {\url{https://swcarpentry.github.io/git-novice}}
}

@misc{carpentries-snakemake,
  author       = {Daniel Collins and
                  others},
  title        = {{Tame Your Workflow with Snakemake}},
  howpublished = {\url{https://carpentries-incubator.github.io/workflows-snakemake}},
  dateaccessed = {2024-10-29}
}

@misc{snakemake-tutorial,
  author = {Johannes Koester and others},
  title = {Tutorial: General use},
  howpublished = {\url{https://snakemake.readthedocs.io/en/stable/tutorial/tutorial.html}},
  dateaccessed = {2024-10-29}
}

@misc{cff,
  author = {Stephan Druskat},
  title = {{Citation File Format}},
  howpublished = {\url{https://citation-file-format.github.io/}},
  dateaccessed = {2024-10-29}
}

@misc{cffinit,
  author = {Stephan Druskat},
  title = {{cffinit}},
  howpublished = {\url{https://citation-file-format.github.io/cff-initializer-javascript/#/}},
  dateaccessed = {2024-10-29}
}

@misc{resources,
  author = {{TELOS Collaboration}},
  title = {Resources repository},
  howpublished = {\url{https://github.com/telos-collaboration/resources}},
  dateaccessed = {2024-10-29}
}

@misc{gitignore-python,
  author = {GitHub},
  title = {Python .gitignore template},
  howpublished = {\url{https://github.com/github/gitignore/blob/main/Python.gitignore}},
  dateaccessed = {2024-10-29}
}

@misc{pre-commit,
  author = {pre-commit},
  title = {pre-commit},
  howpublished = {\url{https://pre-commit.com}},
  dateaccessed = {2024-10-29}
}

@misc{pre-commit-ci,
  author = {pre-commit CI},
  title = {pre-commit CI},
  howpublished = {\url{https://pre-commit.ci}},
  dateaccessed = {2024-10-29}
}

@article{molder2021sustainable,
  title={Sustainable data analysis with Snakemake},
  author={M{\"o}lder, Felix and others},
  journal={F1000Research},
  volume={10},
  year={2021},
  publisher={Faculty of 1000 Ltd}
}

@misc{inspire-authorxml,
  title = {{INSPIRE} Collaboration Author Lists},
  author = {{INSPIRE-HEP}},
  howpublished = {\url{https://github.com/inspirehep/author.xml#inspire-collaboration-author-lists}},
  dateaccessed = {2024-10-29}
}

@misc{fme,
  title = {format\_multiple\_errors},
  author = {Ed Bennett},
  howpublished = {\url{https://github.com/edbennett/format_multiple_errors}},
  dateaccessed = {2024-10-30}
}

@misc{prov,
  title = {{PROV-Overview}},
  author = {Paul Groth and Luc Moreau},
  year = {2013},
  month = {04},
  day = {30},
  howpublished = {\url{https://www.w3.org/TR/prov-overview/}},
  dateaccessed = {2024-10-30}
}
