@CONTROL{REVTEX41Control}
@CONTROL{apsrev41Control,author="48",editor="1",pages="1",title="0",year="0"}
